<collection xmlns="http://www.loc.gov/MARC21/slim">
<record>
  <leader>01448nam0a22002891i 450 </leader>
  <controlfield tag="001">IT\ICCU\CNCE\079941</controlfield>
  <controlfield tag="005">20180719000000.0</controlfield>
  <datafield tag="012" ind1=" " ind2=" ">
    <subfield code="a">o.to a,a, e,e, uaa, (C) 1579 (A)</subfield>
    <subfield code="2">fei</subfield>
  </datafield>
  <datafield tag="100" ind1=" " ind2=" ">
    <subfield code="a">20180718d1579        0itac0103    ba</subfield>
  </datafield>
  <datafield tag="101" ind1=" " ind2=" ">
    <subfield code="a">ITA</subfield>
  </datafield>
  <datafield tag="102" ind1=" " ind2=" ">
    <subfield code="a">IT</subfield>
  </datafield>
  <datafield tag="200" ind1="1" ind2=" ">
    <subfield code="a">Canzone di Mutio Piasentini all&apos;illustriss. et eccellentiss. sig. Lunardo Donato, dignissimo podest ̉di Brescia</subfield>
  </datafield>
  <datafield tag="210" ind1=" " ind2=" ">
    <subfield code="a">In Brescia</subfield>
    <subfield code="c">per Vincenzo Sabbio</subfield>
    <subfield code="d">1579</subfield>
  </datafield>
  <datafield tag="215" ind1=" " ind2=" ">
    <subfield code="a">\4! c.</subfield>
    <subfield code="d">4ʻ</subfield>
  </datafield>
  <datafield tag="620" ind1=" " ind2=" ">
    <subfield code="a">IT</subfield>
    <subfield code="d">Brescia</subfield>
  </datafield>
  <datafield tag="700" ind1=" " ind2="1">
    <subfield code="a">Piacentini,</subfield>
    <subfield code="b">Muzio</subfield>
    <subfield code="3">IT\ICCU\CNCA\016809</subfield>
  </datafield>
  <datafield tag="712" ind1="0" ind2="0">
    <subfield code="a">Sabbio, Vincenzo</subfield>
    <subfield code="3">IT\ICCU\CNCT\000044</subfield>
    <subfield code="4">650</subfield>
  </datafield>
  <datafield tag="790" ind1=" " ind2="1">
    <subfield code="a">Placentino,</subfield>
    <subfield code="b">Muzio</subfield>
    <subfield code="3">IT\ICCU\CNCA\022029</subfield>
    <subfield code="z">Piacentini, Muzio</subfield>
  </datafield>
  <datafield tag="790" ind1=" " ind2="1">
    <subfield code="a">Placentinius,</subfield>
    <subfield code="b">Mutius</subfield>
    <subfield code="3">IT\ICCU\CNCA\022030</subfield>
    <subfield code="z">Piacentini, Muzio</subfield>
  </datafield>
  <datafield tag="791" ind1="0" ind2="0">
    <subfield code="a">Sabiensis, Vincentius</subfield>
    <subfield code="3">IT\ICCU\CNCT\002587</subfield>
    <subfield code="z">Sabbio, Vincenzo</subfield>
  </datafield>
  <datafield tag="791" ind1="0" ind2="0">
    <subfield code="a">Sabius, Vincentius</subfield>
    <subfield code="3">IT\ICCU\CNCT\005508</subfield>
    <subfield code="z">Sabbio, Vincenzo</subfield>
  </datafield>
  <datafield tag="791" ind1="0" ind2="0">
    <subfield code="a">Sabbius, Vincentius</subfield>
    <subfield code="3">IT\ICCU\CNCT\005511</subfield>
    <subfield code="z">Sabbio, Vincenzo</subfield>
  </datafield>
  <datafield tag="791" ind1="0" ind2="0">
    <subfield code="a">Da Sabbio, Vincenzo</subfield>
    <subfield code="3">IT\ICCU\CNCT\005515</subfield>
    <subfield code="z">Sabbio, Vincenzo</subfield>
  </datafield>
  <datafield tag="801" ind1=" " ind2="3">
    <subfield code="a">IT</subfield>
    <subfield code="b">ICCU</subfield>
    <subfield code="c">20201115</subfield>
  </datafield>
  <datafield tag="899" ind1=" " ind2=" ">
    <subfield code="a">Biblioteca nazionale Marciana. Venezia</subfield>
    <subfield code="1">VE0049</subfield>
    <subfield code="2">VEA BM</subfield>
  </datafield>
  <datafield tag="911" ind1=" " ind2=" ">
    <subfield code="a">Sul front.</subfield>
    <subfield code="9">IT\ICCU\CNCM\000739</subfield>
  </datafield>
  <datafield tag="921" ind1=" " ind2=" ">
    <subfield code="a">IT\ICCU\CNCM\000739</subfield>
    <subfield code="b">Sole e luna su paesaggio (eclisse di sole: la luna si frappone tra la terra e il sole oscurandolo). In cornice figurata</subfield>
    <subfield code="e">Non obscuratur.</subfield>
    <subfield code="c">V29</subfield>
    <subfield code="c">Z1110</subfield>
    <subfield code="d">Dimensioni: 6,5 x 7,5</subfield>
    <subfield code="f">LUNA</subfield>
    <subfield code="f">NONOBSCURA</subfield>
    <subfield code="f">PAESAGGIO</subfield>
    <subfield code="f">SOLE</subfield>
    <subfield code="g">1571-1599</subfield>
  </datafield>
</record>
</collection>
